<?xml version = "1.0" encoding = "UTF-8"?><OAI-PMH xmlns="http://www.openarchives.org/OAI/2.0/" xmlns:xsi="http://www.w3.org/2001/XMLSchema-instance" xsi:schemaLocation="http://www.openarchives.org/OAI/2.0/ http://www.openarchives.org/OAI/2.0/OAI-PMH.xsd"><ListRecords><record><header><identifier>aleph-publish:004839703</identifier></header><metadata><record xmlns="http://www.ddb.de/professionell/mabxml/mabxml-1.xsd"><leader>00783vM2.01200024------h</leader><controlfield tag="LDR">00783vM2.01200024------h</controlfield><controlfield tag="FMT">MH</controlfield><datafield tag="001" ind1="-" ind2="1"><subfield code="a">HT002201883</subfield></datafield><datafield tag="002" ind1="a" ind2="1"><subfield code="a">19990924</subfield></datafield><datafield tag="003" ind1="-" ind2="1"><subfield code="a">20090715</subfield></datafield><datafield tag="026" ind1="-" ind2="1"><subfield code="a">HBZHT002201883</subfield></datafield><controlfield tag="030">a|1uc||||||35</controlfield><datafield tag="036" ind1="a" ind2="1"><subfield code="a">DXDE</subfield></datafield><datafield tag="037" ind1="b" ind2="1"><subfield code="a">ger</subfield><subfield code="a">lat</subfield></datafield><controlfield tag="050">a|||||||||||||</controlfield><controlfield tag="051">n|||||||</controlfield><datafield tag="070" ind1="-" ind2="1"><subfield code="a">466</subfield></datafield><datafield tag="070" ind1="b" ind2="1"><subfield code="a">929</subfield></datafield><datafield tag="080" ind1="-" ind2="1"><subfield code="a">60</subfield></datafield><datafield tag="200" ind1="b" ind2="1"><subfield code="k">Gesellschaft für ältere deutsche Geschichtskunde</subfield><subfield code="9">(DE-588)36513-0</subfield></datafield><datafield tag="201" ind1="-" ind2="1"><subfield code="k">Gesellschaft für ältere deutsche Geschichtkunde</subfield></datafield><datafield tag="201" ind1="-" ind2="1"><subfield code="k">Societas Aperiendis Fontibus Rerum Germanicarum Medii Aevi</subfield><subfield code="h">1819-1875</subfield></datafield><datafield tag="204" ind1="b" ind2="1"><subfield code="k">Monumenta Germaniae Historica, Deutsches Institut für Erforschung des Mittelalters</subfield><subfield code="9">(DE-588)2019730-5</subfield></datafield><datafield tag="205" ind1="-" ind2="1"><subfield code="k">Societas Aperiendis Fontibus Rerum Germanicarum Medii Aevi</subfield><subfield code="h">1946-1963</subfield></datafield><datafield tag="205" ind1="-" ind2="1"><subfield code="k">Deutsches Institut für Erforschung des Mittelalters</subfield><subfield code="h">1946-1963</subfield></datafield><datafield tag="205" ind1="-" ind2="1"><subfield code="k">Institut für Erforschung des Mittelalters</subfield><subfield code="h">1946-1963</subfield></datafield><datafield tag="205" ind1="-" ind2="1"><subfield code="k">MGH</subfield></datafield><datafield tag="310" ind1="-" ind2="1"><subfield code="a">Monumenta Germaniae historica</subfield></datafield><datafield tag="331" ind1="a" ind2="1"><subfield code="a">Monvmenta Germaniae historica</subfield></datafield><datafield tag="335" ind1="-" ind2="1"><subfield code="a">inde ab anno Christi qvingentesimo vsqve ad annvm millesimvm et qvingentesimvm</subfield></datafield><datafield tag="359" ind1="-" ind2="1"><subfield code="a">ed. Societatis Aperiendis Fontibvs Rervm Germanicarvm Medii Aevi</subfield></datafield><datafield tag="410" ind1="-" ind2="1"><subfield code="a">Hannoverae</subfield></datafield><datafield tag="412" ind1="-" ind2="1"><subfield code="a">Hahn</subfield></datafield><datafield tag="425" ind1="b" ind2="1"><subfield code="a">1826</subfield></datafield><datafield tag="509" ind1="-" ind2="1"><subfield code="p">Urheber später</subfield><subfield code="a">Monumenta Germaniae Historica &lt;München&gt;</subfield></datafield><datafield tag="511" ind1="-" ind2="1"><subfield code="a">Verl. wechselt</subfield></datafield><datafield tag="527" ind1="z" ind2="1"><subfield code="p">Teilw. als</subfield><subfield code="a">Monumenta Germaniae Historica digital</subfield><subfield code="9">HT014452410</subfield></datafield><datafield tag="542" ind1="-" ind2="1"><subfield code="a">0343-088X</subfield></datafield><datafield tag="673" ind1="a" ind2="1"><subfield code="a">Hannover</subfield><subfield code="9">2013198-7</subfield></datafield><datafield tag="700" ind1="l" ind2="1"><subfield code="a">330</subfield></datafield><datafield tag="700" ind1="l" ind2="1"><subfield code="a">338</subfield></datafield><datafield tag="902" ind1="-" ind2="1"><subfield code="g">Deutschland</subfield><subfield code="9">(DE-588)4011882-4</subfield></datafield><datafield tag="902" ind1="-" ind2="1"><subfield code="z">Geschichte 500-1500</subfield></datafield><datafield tag="902" ind1="-" ind2="1"><subfield code="f">Quelle</subfield></datafield><controlfield tag="SYS">004839703</controlfield><datafield tag="LOW" ind1="-" ind2="1"><subfield code="a">A0001</subfield></datafield><datafield tag="LOW" ind1="-" ind2="1"><subfield code="a">B0001</subfield></datafield><datafield tag="LOW" ind1="-" ind2="1"><subfield code="a">B2001</subfield></datafield><datafield tag="LOW" ind1="-" ind2="1"><subfield code="a">B4009</subfield></datafield><datafield tag="LOW" ind1="-" ind2="1"><subfield code="a">B4022</subfield></datafield><datafield tag="LOW" ind1="-" ind2="1"><subfield code="a">B4026</subfield></datafield><datafield tag="LOW" ind1="-" ind2="1"><subfield code="a">C0001</subfield></datafield><datafield tag="LOW" ind1="-" ind2="1"><subfield code="a">K0001</subfield></datafield><datafield tag="LOW" ind1="-" ind2="1"><subfield code="a">L0001</subfield></datafield><datafield tag="LOW" ind1="-" ind2="1"><subfield code="a">M0001</subfield></datafield><datafield tag="LOW" ind1="-" ind2="1"><subfield code="a">M1006</subfield></datafield><datafield tag="LOW" ind1="-" ind2="1"><subfield code="a">M1008</subfield></datafield><datafield tag="LOW" ind1="-" ind2="1"><subfield code="a">M1010</subfield></datafield><datafield tag="LOW" ind1="-" ind2="1"><subfield code="a">M1014</subfield></datafield><datafield tag="LOW" ind1="-" ind2="1"><subfield code="a">M1021</subfield></datafield><datafield tag="LOW" ind1="-" ind2="1"><subfield code="a">M1044</subfield></datafield><datafield tag="LOW" ind1="-" ind2="1"><subfield code="a">M1045</subfield></datafield><datafield tag="LOW" ind1="-" ind2="1"><subfield code="a">M1046</subfield></datafield><datafield tag="LOW" ind1="-" ind2="1"><subfield code="a">M1055</subfield></datafield><datafield tag="LOW" ind1="-" ind2="1"><subfield code="a">M1071</subfield></datafield><datafield tag="LOW" ind1="-" ind2="1"><subfield code="a">M1077</subfield></datafield><datafield tag="LOW" ind1="-" ind2="1"><subfield code="a">M1096</subfield></datafield><datafield tag="LOW" ind1="-" ind2="1"><subfield code="a">M1098</subfield></datafield><datafield tag="LOW" ind1="-" ind2="1"><subfield code="a">M1101</subfield></datafield><datafield tag="LOW" ind1="-" ind2="1"><subfield code="a">M1129</subfield></datafield><datafield tag="LOW" ind1="-" ind2="1"><subfield code="a">M1130</subfield></datafield><datafield tag="LOW" ind1="-" ind2="1"><subfield code="a">M1131</subfield></datafield><datafield tag="LOW" ind1="-" ind2="1"><subfield code="a">M1224</subfield></datafield><datafield tag="LOW" ind1="-" ind2="1"><subfield code="a">Q0001</subfield></datafield><datafield tag="LOW" ind1="-" ind2="1"><subfield code="a">Q1016</subfield></datafield><datafield tag="LOW" ind1="-" ind2="1"><subfield code="a">Q1064</subfield></datafield><datafield tag="LOW" ind1="-" ind2="1"><subfield code="a">Q1074</subfield></datafield><datafield tag="LOW" ind1="-" ind2="1"><subfield code="a">Q1085</subfield></datafield><datafield tag="LOW" ind1="-" ind2="1"><subfield code="a">Q1107</subfield></datafield><datafield tag="LOW" ind1="-" ind2="1"><subfield code="a">Q1142</subfield></datafield><datafield tag="LOW" ind1="-" ind2="1"><subfield code="a">Q1148</subfield></datafield><datafield tag="LOW" ind1="-" ind2="1"><subfield code="a">Q1160</subfield></datafield><datafield tag="LOW" ind1="-" ind2="1"><subfield code="a">R0001</subfield></datafield><datafield tag="LOW" ind1="-" ind2="1"><subfield code="a">R0003</subfield></datafield><datafield tag="LOW" ind1="-" ind2="1"><subfield code="a">U0001</subfield></datafield><datafield tag="LOW" ind1="-" ind2="1"><subfield code="a">Q1049</subfield></datafield><datafield tag="LOW" ind1="-" ind2="1"><subfield code="a">Q1004</subfield></datafield><datafield tag="LOW" ind1="-" ind2="1"><subfield code="a">M1127</subfield></datafield><datafield tag="LOW" ind1="-" ind2="1"><subfield code="a">R0002</subfield></datafield><datafield tag="LOW" ind1="-" ind2="1"><subfield code="a">Q1149</subfield></datafield><datafield tag="LOW" ind1="-" ind2="1"><subfield code="a">Q1157</subfield></datafield><datafield tag="LOW" ind1="-" ind2="1"><subfield code="a">Q1146</subfield></datafield><datafield tag="LOW" ind1="-" ind2="1"><subfield code="a">B4011</subfield></datafield><datafield tag="LOW" ind1="-" ind2="1"><subfield code="a">Q1062</subfield></datafield><datafield tag="LOW" ind1="-" ind2="1"><subfield code="a">K1131</subfield></datafield><datafield tag="LOW" ind1="-" ind2="1"><subfield code="a">K1167</subfield></datafield><datafield tag="LOW" ind1="-" ind2="1"><subfield code="a">K1104</subfield></datafield><datafield tag="952" ind1="-" ind2="1"><subfield code="g">Deutsche Länder</subfield></datafield><datafield tag="952" ind1="-" ind2="1"><subfield code="g">Germany</subfield><subfield code="h">Deutschland</subfield></datafield><datafield tag="952" ind1="-" ind2="1"><subfield code="g">Heiliges Römisches Reich</subfield></datafield><datafield tag="952" ind1="-" ind2="1"><subfield code="g">Rheinbund</subfield></datafield><datafield tag="952" ind1="-" ind2="1"><subfield code="g">Deutscher Bund</subfield></datafield><datafield tag="952" ind1="-" ind2="1"><subfield code="g">Norddeutscher Bund</subfield></datafield><datafield tag="952" ind1="-" ind2="1"><subfield code="g">Deutsches Reich</subfield></datafield><datafield tag="952" ind1="-" ind2="1"><subfield code="g">Deutschland</subfield><subfield code="h">Gebiet unter Alliierter Besatzung</subfield></datafield><datafield tag="952" ind1="-" ind2="1"><subfield code="g">Deutschland</subfield><subfield code="h">Bundesrepublik, 1990-</subfield></datafield><datafield tag="952" ind1="-" ind2="1"><subfield code="g">BRD</subfield><subfield code="h">1990-</subfield></datafield><datafield tag="952" ind1="-" ind2="1"><subfield code="g">Federal Republic of Germany</subfield><subfield code="h">Deutschland</subfield></datafield><datafield tag="952" ind1="-" ind2="1"><subfield code="g">Republic of Germany</subfield><subfield code="h">Deutschland</subfield></datafield><datafield tag="952" ind1="-" ind2="1"><subfield code="g">Allemagne</subfield><subfield code="h">Deutschland</subfield></datafield><datafield tag="952" ind1="-" ind2="1"><subfield code="g">Ǧumhūrīyat Almāniyā al-Ittiḥādīya</subfield></datafield><datafield tag="952" ind1="-" ind2="1"><subfield code="g">Bundesrepublik Deutschland</subfield><subfield code="h">1990-</subfield></datafield><datafield tag="952" ind1="-" ind2="1"><subfield code="g">BRD</subfield></datafield><datafield tag="952" ind1="-" ind2="1"><subfield code="g">Niemcy</subfield></datafield><datafield tag="952" ind1="-" ind2="1"><subfield code="g">République Fédérale d&apos;Allemagne</subfield><subfield code="h">Deutschland</subfield></datafield><datafield tag="952" ind1="-" ind2="1"><subfield code="g">Repubblica Federale di Germania</subfield><subfield code="h">Deutschland</subfield></datafield><datafield tag="952" ind1="-" ind2="1"><subfield code="g">Germanija</subfield></datafield><datafield tag="952" ind1="-" ind2="1"><subfield code="g">Federativnaja Respublika Germanija</subfield></datafield><datafield tag="952" ind1="-" ind2="1"><subfield code="g">FRG</subfield></datafield><datafield tag="952" ind1="-" ind2="1"><subfield code="g">Deyizhi-Lianbang-Gongheguo</subfield></datafield><datafield tag="088" ind1=" " ind2=" "><subfield code="a">Bi 8</subfield><subfield code="b">Bi 8 (Hagen-Hohenlimburg)</subfield><subfield code="e">Keine Angabe</subfield></datafield><datafield tag="088" ind1=" " ind2=" "><subfield code="a">Lan 1</subfield><subfield code="c">ges 03-260/</subfield><subfield code="e">Dienstgebrauch</subfield></datafield><datafield tag="088" ind1=" " ind2=" "><subfield code="a">385</subfield><subfield code="b">22</subfield><subfield code="c">C.MGH/ma1190</subfield><subfield code="e">Keine Angabe</subfield></datafield><datafield tag="088" ind1=" " ind2=" "><subfield code="a">Kob 7</subfield><subfield code="b">FRHKO</subfield><subfield code="c">GE/C 2003 5330</subfield><subfield code="e">91</subfield></datafield><datafield tag="088" ind1=" " ind2=" "><subfield code="a">466</subfield><subfield code="b">38</subfield><subfield code="c">LKL1014-...</subfield><subfield code="e">Keine Ausleihe</subfield></datafield><datafield tag="088" ind1=" " ind2=" "><subfield code="a">466</subfield><subfield code="b">30</subfield><subfield code="c">LKL1014-...</subfield><subfield code="e">Kurzausleihe</subfield></datafield><datafield tag="088" ind1=" " ind2=" "><subfield code="a">466</subfield><subfield code="b">28</subfield><subfield code="c">LKL2670-...</subfield><subfield code="e">Keine Ausleihe</subfield></datafield><datafield tag="088" ind1=" " ind2=" "><subfield code="a">5/198</subfield></datafield><datafield tag="088" ind1=" " ind2=" "><subfield code="a">5/8</subfield></datafield><datafield tag="088" ind1=" " ind2=" "><subfield code="a">52</subfield></datafield><datafield tag="088" ind1=" " ind2=" "><subfield code="a">465</subfield></datafield><datafield tag="088" ind1=" " ind2=" "><subfield code="a">6/162</subfield></datafield><datafield tag="088" ind1=" " ind2=" "><subfield code="a">6/248</subfield></datafield><datafield tag="088" ind1=" " ind2=" "><subfield code="a">294</subfield></datafield><datafield tag="088" ind1=" " ind2=" "><subfield code="a">294/11</subfield></datafield><datafield tag="088" ind1=" " ind2=" "><subfield code="a">361</subfield></datafield><datafield tag="088" ind1=" " ind2=" "><subfield code="a">464</subfield><subfield code="c">LKL1080_d &lt;&lt;Grundsignatur&gt;&gt;</subfield></datafield><datafield tag="088" ind1=" " ind2=" "><subfield code="a">467</subfield></datafield><datafield tag="088" ind1=" " ind2=" "><subfield code="a">5</subfield></datafield><datafield tag="088" ind1=" " ind2=" "><subfield code="a">51</subfield></datafield><datafield tag="088" ind1=" " ind2=" "><subfield code="a">6</subfield></datafield><datafield tag="088" ind1=" " ind2=" "><subfield code="a">6/011</subfield></datafield><datafield tag="088" ind1=" " ind2=" "><subfield code="a">6/125</subfield></datafield><datafield tag="088" ind1=" " ind2=" "><subfield code="a">61</subfield></datafield><datafield tag="088" ind1=" " ind2=" "><subfield code="a">708</subfield></datafield><datafield tag="088" ind1=" " ind2=" "><subfield code="a">929</subfield></datafield><datafield tag="088" ind1=" " ind2=" "><subfield code="a">468</subfield></datafield><datafield tag="088" ind1=" " ind2=" "><subfield code="a">6/033</subfield></datafield><datafield tag="088" ind1=" " ind2=" "><subfield code="a">107</subfield></datafield><datafield tag="088" ind1=" " ind2=" "><subfield code="a">5/13</subfield></datafield><datafield tag="088" ind1=" " ind2=" "><subfield code="a">5/22</subfield></datafield><datafield tag="088" ind1=" " ind2=" "><subfield code="a">Walb 1</subfield></datafield><datafield tag="088" ind1=" " ind2=" "><subfield code="a">5/79</subfield></datafield><datafield tag="088" ind1=" " ind2=" "><subfield code="a">61/28</subfield></datafield><datafield tag="088" ind1=" " ind2=" "><subfield code="a">6/015</subfield></datafield><datafield tag="088" ind1=" " ind2=" "><subfield code="a">294/38</subfield></datafield><datafield tag="088" ind1=" " ind2=" "><subfield code="a">294/34</subfield></datafield><datafield tag="088" ind1=" " ind2=" "><subfield code="a">6/069</subfield></datafield><datafield tag="088" ind1=" " ind2=" "><subfield code="a">121</subfield></datafield><datafield tag="088" ind1=" " ind2=" "><subfield code="a">5/20</subfield></datafield><datafield tag="088" ind1=" " ind2=" "><subfield code="a">38/461</subfield></datafield><datafield tag="088" ind1=" " ind2=" "><subfield code="a">5/74</subfield></datafield><datafield tag="088" ind1=" " ind2=" "><subfield code="a">Tr 2</subfield></datafield><datafield tag="088" ind1=" " ind2=" "><subfield code="a">6/006</subfield></datafield><datafield tag="088" ind1=" " ind2=" "><subfield code="a">6/096</subfield></datafield><datafield tag="088" ind1=" " ind2=" "><subfield code="a">294/21</subfield></datafield><datafield tag="088" ind1=" " ind2=" "><subfield code="a">6/169</subfield></datafield><datafield tag="088" ind1=" " ind2=" "><subfield code="a">Kn 28</subfield></datafield><datafield tag="088" ind1=" " ind2=" "><subfield code="a">6/210</subfield></datafield><datafield tag="088" ind1=" " ind2=" "><subfield code="a">6/250</subfield></datafield><datafield tag="088" ind1=" " ind2=" "><subfield code="a">5/21</subfield></datafield><datafield tag="088" ind1=" " ind2=" "><subfield code="a">6/020</subfield></datafield><datafield tag="088" ind1=" " ind2=" "><subfield code="a">6/097</subfield></datafield><datafield tag="088" ind1=" " ind2=" "><subfield code="a">5/95</subfield></datafield><datafield tag="088" ind1=" " ind2=" "><subfield code="a">82</subfield></datafield><datafield tag="088" ind1=" " ind2=" "><subfield code="a">290</subfield></datafield><datafield tag="088" ind1=" " ind2=" "><subfield code="a">6/192</subfield></datafield><datafield tag="088" ind1=" " ind2=" "><subfield code="a">6/190</subfield></datafield><datafield tag="088" ind1=" " ind2=" "><subfield code="a">6/249</subfield></datafield><datafield tag="088" ind1=" " ind2=" "><subfield code="a">38</subfield></datafield><datafield tag="088" ind1=" " ind2=" "><subfield code="a">5/39</subfield></datafield><datafield tag="088" ind1=" " ind2=" "><subfield code="a">5/7</subfield></datafield><datafield tag="088" ind1=" " ind2=" "><subfield code="a">6/337</subfield></datafield><datafield tag="088" ind1=" " ind2=" "><subfield code="a">5/184</subfield></datafield><datafield tag="088" ind1=" " ind2=" "><subfield code="a">5/108</subfield></datafield><datafield tag="088" ind1=" " ind2=" "><subfield code="a">6/246</subfield></datafield><datafield tag="088" ind1=" " ind2=" "><subfield code="a">Zw 1</subfield></datafield><datafield tag="088" ind1=" " ind2=" "><subfield code="a">5/90</subfield></datafield><datafield tag="088" ind1=" " ind2=" "><subfield code="a">294/23</subfield></datafield><datafield tag="088" ind1=" " ind2=" "><subfield code="a">38/405</subfield></datafield><datafield tag="088" ind1=" " ind2=" "><subfield code="a">38/432</subfield></datafield><datafield tag="BNP" ind1="b" ind2="9"><subfield code="a">Pertz, Georg Heinrich</subfield><subfield code="9">ED000028590</subfield><subfield code="b">[Hrsg.]</subfield><subfield code="2">ED001</subfield></datafield></record></metadata></record></ListRecords></OAI-PMH>